@inproceedings{paquet2019spams,
  title={Spams meet Cryptocurrencies: Sextortion in the Bitcoin Ecosystem},
  author={Paquet-Clouston, Masarah and Romiti, Matteo and Haslhofer, Bernhard and Charvat, Thomas},
  booktitle={Proceedings of the 1st ACM Conference on Advances in Financial Technologies},
  pages={76--88},
  year={2019}
}
@inproceedings{torres2019art,
  title={The art of the scam: Demystifying honeypots in ethereum smart contracts},
  author={Torres, Christof Ferreira and Steichen, Mathis and others},
  booktitle={28th $\{$USENIX$\}$ Security Symposium ($\{$USENIX$\}$ Security 19)},
  pages={1591--1607},
  year={2019}
}
@article{xia2020characterizing,
  title={Characterizing Cryptocurrency Exchange Scams},
  author={Xia, Pengcheng and Zhang, Bowen and Ji, Ru and Gao, Bingyu and Wu, Lei and Luo, Xiapu and Wang, Haoyu and Xu, Guoai},
  journal={arXiv preprint arXiv:2003.07314},
  year={2020}
}


@electronic{coinmarketcap,
	Date-Added = {2020-08-05 19:53:15 +0800},
	Date-Modified = {2020-08-05 19:53:41 +0800},
	Title = {Coinmarketcap},
	Url = {https://coinmarketcap.com}}

	

@techreport{nakamoto2019bitcoin,
  title={Bitcoin: A peer-to-peer electronic cash system},
  author={Nakamoto, Satoshi},
  year={2019},
  institution={Manubot}
}


@electronic{barackobamascam,
	Date-Added = {2020-08-05 19:48:19 +0800},
	Date-Modified = {2020-08-05 19:48:43 +0800},
	Title = {Barack Obama scam},
	Url = {https://www.businessinsider.com/barack-obama-twitter-account-hacked-in-cryptocurrency-scam-2020-7}}

@electronic{tumbler-scam,
	Date-Added = {2020-08-05 20:59:02 +0800},
	Date-Modified = {2020-08-05 20:59:31 +0800},
	Title = {Tumbler scam},
	Url = {https://bitcointalk.org/index.php?topic=5163858.0}}



@inproceedings{vasek2018analyzing,
  title={Analyzing the Bitcoin Ponzi scheme ecosystem},
  author={Vasek, Marie and Moore, Tyler},
  booktitle={International Conference on Financial Cryptography and Data Security},
  pages={101--112},
  year={2018},
  organization={Springer}
}
@inproceedings{vasek2015there,
  title={Thereâ€™s no free lunch, even using Bitcoin: Tracking the popularity and profits of virtual currency scams},
  author={Vasek, Marie and Moore, Tyler},
  booktitle={International conference on financial cryptography and data security},
  pages={44--61},
  year={2015},
  organization={Springer}
}


@electronic{wannacry,
	Date-Added = {2020-08-17 16:02:52 +0800},
	Date-Modified = {2020-08-17 16:03:52 +0800},
	Title= {Wannacry},
	Url = {https://en.wikipedia.org/wiki/WannaCry_ransomware_attack}}

@inproceedings{haslhofer2016bitcoin,
  title={O Bitcoin Where Art Thou? Insight into Large-Scale Transaction Graphs.},
  author={Haslhofer, Bernhard and Karl, Roman and Filtz, Erwin},
  booktitle={SEMANTiCS (Posters, Demos, SuCCESS)},
  year={2016}
}

@article{fleder2015bitcoin,
  title={Bitcoin transaction graph analysis},
  author={Fleder, Michael and Kester, Michael S and Pillai, Sudeep},
  journal={arXiv preprint arXiv:1502.01657},
  year={2015}
}

@incollection{reid2013analysis,
  title={An analysis of anonymity in the bitcoin system},
  author={Reid, Fergal and Harrigan, Martin},
  booktitle={Security and privacy in social networks},
  pages={197--223},
  year={2013},
  publisher={Springer}
}

@inproceedings{ron2013quantitative,
  title={Quantitative analysis of the full bitcoin transaction graph},
  author={Ron, Dorit and Shamir, Adi},
  booktitle={International Conference on Financial Cryptography and Data Security},
  pages={6--24},
  year={2013},
  organization={Springer}
}

@electronic{dwva,
	Date-Added = {2020-12-31 19:11:34 +0800},
	Date-Modified = {2020-08-18 19:11:48 +0800},
	Bdsk-Url-1 = {https://interpol-innovation-centre.github.io/DW-VA-Taxonomy/taxonomies/abuses}}
%pytorchgcn	
@article{kipf2016semi,
  title={Semi-Supervised Classification with Graph Convolutional Networks},
  author={Kipf, Thomas N and Welling, Max},
  journal={arXiv preprint arXiv:1609.02907},
  year={2016}
}
@inproceedings{androulaki2013evaluating,
  title={Evaluating user privacy in bitcoin},
  author={Androulaki, Elli and Karame, Ghassan O and Roeschlin, Marc and Scherer, Tobias and Capkun, Srdjan},
  booktitle={International Conference on Financial Cryptography and Data Security},
  pages={34--51},
  year={2013},
  organization={Springer}
}

@inproceedings{harrigan2016unreasonable,
  title={The unreasonable effectiveness of address clustering},
  author={Harrigan, Martin and Fretter, Christoph},
  booktitle={2016 Intl IEEE Conferences on Ubiquitous Intelligence \& Computing, Advanced and Trusted Computing, Scalable Computing and Communications, Cloud and Big Data Computing, Internet of People, and Smart World Congress (UIC/ATC/ScalCom/CBDCom/IoP/SmartWorld)},
  pages={368--373},
  year={2016},
  organization={IEEE}
}

@electronic{BIP0016,
	Date-Added = {2021-06-03 16:02:52 +0800},
	Date-Modified = {2020-06-03 16:03:52 +0800},
	Title = {BIP0016},
	Url = {https://en.bitcoin.it/wiki/BIP_0016}}
	
@electronic{bitcoinabuse,
	Date-Added = {2021-06-03 16:02:52 +0800},
	Date-Modified = {2020-06-03 16:03:52 +0800},
	Title = {bitcoinabuse},
	Url = {https://bitcoinabuse.com}}

@article{bian2018icorating,
  title={Icorating: A deep-learning system for scam ico identification},
  author={Bian, Shuqing and Deng, Zhenpeng and Li, Fei and Monroe, Will and Shi, Peng and Sun, Zijun and Wu, Wei and Wang, Sikuang and Wang, William Yang and Yuan, Arianna and others},
  journal={arXiv preprint arXiv:1803.03670},
  year={2018}
}

@article{goldsmith2020analyzing,
  title={Analyzing hack subnetworks in the bitcoin transaction graph},
  author={Goldsmith, Daniel and Grauer, Kim and Shmalo, Yonah},
  journal={Applied Network Science},
  volume={5},
  number={1},
  pages={1--20},
  year={2020},
  publisher={SpringerOpen}
}

@electronic{peckshield,
	Date-Added = {2021-06-08 16:02:52 +0800},
	Date-Modified = {2020-06-08 16:03:52 +0800},
	Title = {PeckShield},
	Url = {https://peckshield.com/}}
	
@electronic{walletexplorer,
	Date-Added = {2021-06-08 16:02:52 +0800},
	Date-Modified = {2020-06-08 16:03:52 +0800},
	Title = {WalletExplorer},
	Url = {https://peckshield.com/}}
	
@electronic{huobi,
	Date-Added = {2021-06-08 16:02:52 +0800},
	Date-Modified = {2020-06-08 16:03:52 +0800},
	Title = {Huobi},
	Url = {https://www.huobi.com/}}

@electronic{bittrex,
	Date-Added = {2021-06-08 16:02:52 +0800},
	Date-Modified = {2020-06-08 16:03:52 +0800},
	Title = {Bittrex},
	Url = {https://global.bittrex.com/}}
	

@electronic{explorer.bitcoin.com,
	Date-Added = {2021-06-08 16:02:52 +0800},
	Date-Modified = {2020-06-08 16:03:52 +0800},
	Title = {Bitcoin.com},
	Url = {https://explorer.bitcoin.com/btc}}
	
@electronic{btc.com,
	Date-Added = {2021-06-08 16:02:52 +0800},
	Date-Modified = {2020-06-08 16:03:52 +0800},
	Title = {btc.com},
	Url = {https://btc.com/}}
	
@electronic{slushpool,
	Date-Added = {2021-06-08 16:02:52 +0800},
	Date-Modified = {2020-06-08 16:03:52 +0800},
	Title = {SlushPool},
	Url = {https://slushpool.com/home/}}
	
	
@electronic{GHash.io,
	Date-Added = {2021-06-08 16:02:52 +0800},
	Date-Modified = {2020-06-08 16:03:52 +0800},
	Title = {GHash.io},
	Url = {	https://ghash.io/}}
	
@article{pedregosa2011scikit,
  title={Scikit-learn: Machine learning in Python},
  author={Pedregosa, Fabian and Varoquaux, Ga{\"e}l and Gramfort, Alexandre and Michel, Vincent and Thirion, Bertrand and Grisel, Olivier and Blondel, Mathieu and Prettenhofer, Peter and Weiss, Ron and Dubourg, Vincent and others},
  journal={the Journal of machine Learning research},
  volume={12},
  pages={2825--2830},
  year={2011},
  publisher={JMLR. org}
}
	
@inproceedings{ermilov2017automatic,
  title={Automatic bitcoin address clustering},
  author={Ermilov, Dmitry and Panov, Maxim and Yanovich, Yury},
  booktitle={2017 16th IEEE International Conference on Machine Learning and Applications (ICMLA)},
  pages={461--466},
  year={2017},
  organization={IEEE}
}

@article{zhang2020heuristic,
  title={Heuristic-Based Address Clustering in Bitcoin},
  author={Zhang, Yuhang and Wang, Jun and Luo, Jie},
  journal={IEEE Access},
  volume={8},
  pages={210582--210591},
  year={2020},
  publisher={IEEE}
}

@article{weber2019anti,
  title={Anti-money laundering in bitcoin: Experimenting with graph convolutional networks for financial forensics},
  author={Weber, Mark and Domeniconi, Giacomo and Chen, Jie and Weidele, Daniel Karl I and Bellei, Claudio and Robinson, Tom and Leiserson, Charles E},
  journal={arXiv preprint arXiv:1908.02591},
  year={2019}
}

@article{haslhofer2021graphsense,
  title={GraphSense: A General-Purpose Cryptoasset Analytics Platform},
  author={Haslhofer, Bernhard and St{\"u}tz, Rainer and Romiti, Matteo and King, Ross},
  journal={arXiv e-prints},
  pages={arXiv--2102},
  year={2021}
}

@electronic{YouTube,
	Date-Added = {2021-07-07 16:02:52 +0800},
	Date-Modified = {2020-07-07 16:03:52 +0800},
	Title = {YouTube},
	Url = {https://Youtube.com/}}
	
@electronic{twitter,
	Date-Added = {2021-07-07 16:02:52 +0800},
	Date-Modified = {2020-07-07 16:03:52 +0800},
	Title = {twitter.com},
	Url = {https://twitter.com/}}
	
@electronic{instagram,
	Date-Added = {2021-07-07 16:02:52 +0800},
	Date-Modified = {2020-07-07 16:03:52 +0800},
	Title = {instagram.com},
	Url = {https://instagram.com/}}
	
@electronic{telegram,
	Date-Added = {2021-07-07 16:02:52 +0800},
	Date-Modified = {2020-07-07 16:03:52 +0800},
	Title = {telegram},
	Url = {https://telegram.org}}
	
@electronic{bitcointalk,
	Date-Added = {2021-07-13 16:02:52 +0800},
	Date-Modified = {2020-07-13 16:03:52 +0800},
	Title = {bitcointalk.org},
	Url = {https://bitcointalk.org}}
	
@electronic{reddit,
	Date-Added = {2021-07-13 16:02:52 +0800},
	Date-Modified = {2020-07-13 16:03:52 +0800},
	Title = {reddit.com},
	Url = {https://reddit.com}}
	
@electronic{bitcoinwhoswho,
	Date-Added = {2021-07-13 16:02:52 +0800},
	Date-Modified = {2020-07-13 16:03:52 +0800},
	Title = {BitcoinWhosWho},
	Url = {https://bitcoinwhoswho.com}}
	
	

@electronic{btctester,
	Date-Added = {2021-07-13 16:02:52 +0800},
	Date-Modified = {2020-07-13 16:03:52 +0800},
	Title = {BTCTester},
	Url = {https://btctester.com}}
	
@article{velivckovic2017graph,
  title={Graph attention networks},
  author={Veli{\v{c}}kovi{\'c}, Petar and Cucurull, Guillem and Casanova, Arantxa and Romero, Adriana and Lio, Pietro and Bengio, Yoshua},
  journal={arXiv preprint arXiv:1710.10903},
  year={2017}
}

